@article{gabbay2000theory,
  title={A Theory of Inductive Definitions with alpha-equivalence},
  author={Gabbay, Murdoch J},
  year={2000}
}

@inproceedings{calves2008nominal,
  title={Nominal matching and alpha-equivalence},
  author={Calves, Christophe and Fern{\'a}ndez, Maribel},
  booktitle={WoLLIC},
  volume={5110},
  pages={111--122},
  year={2008},
  organization={Springer}
}

@book{pierce2002types,
  title={Types and programming languages},
  author={Pierce, Benjamin C},
  year={2002},
  publisher={MIT press}
}